<?xml version="1.0" encoding="UTF-8"?><collection xmlns="http://www.loc.gov/MARC21/slim"><record><leader>00577nam--2200169-i-4500</leader><controlfield tag="001">000044012</controlfield><controlfield tag="002">20161230</controlfield><controlfield tag="005">20161230201044</controlfield><controlfield tag="008">060222s1000------------r-----000-0-eng-d</controlfield><datafield ind1=" " ind2=" " tag="041"><subfield code="a">IFIN-HH</subfield></datafield><datafield ind1=" " ind2=" " tag="080"><subfield code="a">536.6</subfield></datafield><datafield ind1="1" ind2=" " tag="100"><subfield code="a">Wolfe, Hugh C</subfield></datafield><datafield ind1="1" ind2="0" tag="245"><subfield code="a">Temperature. its measurement and control in science and industry</subfield><subfield code="b">Volume ii. papers presented at the symposium on temperature, washington, d.c., october 28-30, 1954</subfield><subfield code="c">Hugh c. wolfe (ed.)</subfield></datafield><datafield ind1=" " ind2=" " tag="260"><subfield code="a">New York</subfield><subfield code="b">Reinhold Publishing Corporation</subfield><subfield code="c">1955</subfield></datafield><datafield ind1=" " ind2=" " tag="300"><subfield code="a">467P</subfield></datafield><datafield ind1=" " ind2=" " tag="852"><subfield code="a">11173</subfield><subfield code="c">536</subfield></datafield><datafield ind1=" " ind2=" " tag="CAT"><subfield code="a">Sys</subfield><subfield code="c">20110503</subfield><subfield code="h">131019</subfield></datafield></record></collection>